%YAML 1.1
%TAG !u! tag:unity3d.com,2011:
--- !u!1 &1918041091517086
GameObject:
  m_ObjectHideFlags: 0
  m_CorrespondingSourceObject: {fileID: 0}
  m_PrefabInstance: {fileID: 0}
  m_PrefabAsset: {fileID: 0}
  serializedVersion: 6
  m_Component:
  - component: {fileID: 4661768149451870}
  - component: {fileID: 33778883107603106}
  - component: {fileID: 23234147000285200}
  - component: {fileID: 4738388167163331424}
  - component: {fileID: 2797574390680299726}
  - component: {fileID: 5161570846402944043}
  m_Layer: 11
  m_Name: SM_Bld_NAT_Teepee_Warrior
  m_TagString: Building
  m_Icon: {fileID: 0}
  m_NavMeshLayer: 0
  m_StaticEditorFlags: 0
  m_IsActive: 1
--- !u!4 &4661768149451870
Transform:
  m_ObjectHideFlags: 0
  m_CorrespondingSourceObject: {fileID: 0}
  m_PrefabInstance: {fileID: 0}
  m_PrefabAsset: {fileID: 0}
  m_GameObject: {fileID: 1918041091517086}
  m_LocalRotation: {x: 0, y: -0, z: -0, w: 1}
  m_LocalPosition: {x: 143.0147, y: -0.22, z: 163.83955}
  m_LocalScale: {x: 1, y: 1, z: 1}
  m_Children:
  - {fileID: 614348649866354931}
  - {fileID: 8410563230720946578}
  - {fileID: 3619349956341133650}
  - {fileID: 4934958385059916878}
  - {fileID: 3092920893201434351}
  m_Father: {fileID: 0}
  m_RootOrder: 0
  m_LocalEulerAnglesHint: {x: 0, y: 0, z: 0}
--- !u!33 &33778883107603106
MeshFilter:
  m_ObjectHideFlags: 0
  m_CorrespondingSourceObject: {fileID: 0}
  m_PrefabInstance: {fileID: 0}
  m_PrefabAsset: {fileID: 0}
  m_GameObject: {fileID: 1918041091517086}
  m_Mesh: {fileID: 4300000, guid: d68defa6318015841b5e954616fc5aa3, type: 3}
--- !u!23 &23234147000285200
MeshRenderer:
  m_ObjectHideFlags: 0
  m_CorrespondingSourceObject: {fileID: 0}
  m_PrefabInstance: {fileID: 0}
  m_PrefabAsset: {fileID: 0}
  m_GameObject: {fileID: 1918041091517086}
  m_Enabled: 1
  m_CastShadows: 1
  m_ReceiveShadows: 1
  m_DynamicOccludee: 1
  m_MotionVectors: 1
  m_LightProbeUsage: 1
  m_ReflectionProbeUsage: 1
  m_RayTracingMode: 2
  m_RenderingLayerMask: 1
  m_RendererPriority: 0
  m_Materials:
  - {fileID: 2100000, guid: da23a6c2a7ba3e94d978f731b0da222b, type: 2}
  m_StaticBatchInfo:
    firstSubMesh: 0
    subMeshCount: 0
  m_StaticBatchRoot: {fileID: 0}
  m_ProbeAnchor: {fileID: 0}
  m_LightProbeVolumeOverride: {fileID: 0}
  m_ScaleInLightmap: 1
  m_ReceiveGI: 1
  m_PreserveUVs: 0
  m_IgnoreNormalsForChartDetection: 0
  m_ImportantGI: 0
  m_StitchLightmapSeams: 1
  m_SelectedEditorRenderState: 3
  m_MinimumChartSize: 4
  m_AutoUVMaxDistance: 0.5
  m_AutoUVMaxAngle: 89
  m_LightmapParameters: {fileID: 0}
  m_SortingLayerID: 0
  m_SortingLayer: 0
  m_SortingOrder: 0
--- !u!64 &4738388167163331424
MeshCollider:
  m_ObjectHideFlags: 0
  m_CorrespondingSourceObject: {fileID: 0}
  m_PrefabInstance: {fileID: 0}
  m_PrefabAsset: {fileID: 0}
  m_GameObject: {fileID: 1918041091517086}
  m_Material: {fileID: 0}
  m_IsTrigger: 0
  m_Enabled: 1
  serializedVersion: 4
  m_Convex: 1
  m_CookingOptions: 30
  m_Mesh: {fileID: 4300000, guid: d68defa6318015841b5e954616fc5aa3, type: 3}
--- !u!208 &2797574390680299726
NavMeshObstacle:
  m_ObjectHideFlags: 0
  m_CorrespondingSourceObject: {fileID: 0}
  m_PrefabInstance: {fileID: 0}
  m_PrefabAsset: {fileID: 0}
  m_GameObject: {fileID: 1918041091517086}
  m_Enabled: 1
  serializedVersion: 3
  m_Shape: 0
  m_Extents: {x: 2.7, y: 4, z: 2.7}
  m_MoveThreshold: 0.1
  m_Carve: 1
  m_CarveOnlyStationary: 1
  m_Center: {x: -0.001, y: 3, z: 0.013}
  m_TimeToStationary: 0.5
--- !u!114 &5161570846402944043
MonoBehaviour:
  m_ObjectHideFlags: 0
  m_CorrespondingSourceObject: {fileID: 0}
  m_PrefabInstance: {fileID: 0}
  m_PrefabAsset: {fileID: 0}
  m_GameObject: {fileID: 1918041091517086}
  m_Enabled: 1
  m_EditorHideFlags: 0
  m_Script: {fileID: 11500000, guid: b2045bbc7195c1f4ba098f5fb168abc9, type: 3}
  m_Name: 
  m_EditorClassIdentifier: 
  buildingName: Warrior's Tepee
  buildingPic: {fileID: 21300000, guid: eeaed3d23a0b24947af94a66d417610c, type: 3}
  isHQ: 0
  isFunctional: 0
  _curHP: 450
  maxHP: 450
  cost: 80
  intoTheGround: 3
  radiusFromCenter: 6
  player: {fileID: 0}
  SelectionVisual: {fileID: 5352878796193796995}
  healthBar: {fileID: 0}
  fire: {fileID: 5090399955934388672}
  smoke: {fileID: 5187220288968652769}
  unitSpawnPos: {fileID: 614348649866354931}
  unitRallyPos: {fileID: 8410563230720946578}
  unitList:
  - {fileID: 1989699233034326, guid: add2dfc8f4522ad4fa02296724a29108, type: 3}
  recruitList: []
  waitTime: 0.5
--- !u!1 &654530382710334258
GameObject:
  m_ObjectHideFlags: 0
  m_CorrespondingSourceObject: {fileID: 0}
  m_PrefabInstance: {fileID: 0}
  m_PrefabAsset: {fileID: 0}
  serializedVersion: 6
  m_Component:
  - component: {fileID: 8410563230720946578}
  m_Layer: 11
  m_Name: RallyPoint
  m_TagString: Untagged
  m_Icon: {fileID: 0}
  m_NavMeshLayer: 0
  m_StaticEditorFlags: 0
  m_IsActive: 1
--- !u!4 &8410563230720946578
Transform:
  m_ObjectHideFlags: 0
  m_CorrespondingSourceObject: {fileID: 0}
  m_PrefabInstance: {fileID: 0}
  m_PrefabAsset: {fileID: 0}
  m_GameObject: {fileID: 654530382710334258}
  m_LocalRotation: {x: -0, y: -0, z: -0, w: 1}
  m_LocalPosition: {x: 0.17, y: 0, z: 5.79}
  m_LocalScale: {x: 1, y: 1, z: 1}
  m_Children: []
  m_Father: {fileID: 4661768149451870}
  m_RootOrder: 1
  m_LocalEulerAnglesHint: {x: 0, y: 0, z: 0}
--- !u!1 &1502427970010192633
GameObject:
  m_ObjectHideFlags: 0
  m_CorrespondingSourceObject: {fileID: 0}
  m_PrefabInstance: {fileID: 0}
  m_PrefabAsset: {fileID: 0}
  serializedVersion: 6
  m_Component:
  - component: {fileID: 614348649866354931}
  m_Layer: 11
  m_Name: SpawnPoint
  m_TagString: Untagged
  m_Icon: {fileID: 0}
  m_NavMeshLayer: 0
  m_StaticEditorFlags: 0
  m_IsActive: 1
--- !u!4 &614348649866354931
Transform:
  m_ObjectHideFlags: 0
  m_CorrespondingSourceObject: {fileID: 0}
  m_PrefabInstance: {fileID: 0}
  m_PrefabAsset: {fileID: 0}
  m_GameObject: {fileID: 1502427970010192633}
  m_LocalRotation: {x: -0, y: -0, z: -0, w: 1}
  m_LocalPosition: {x: 0.17, y: 0, z: 3.55}
  m_LocalScale: {x: 1, y: 1, z: 1}
  m_Children: []
  m_Father: {fileID: 4661768149451870}
  m_RootOrder: 0
  m_LocalEulerAnglesHint: {x: 0, y: 0, z: 0}
--- !u!1 &5352878796193796995
GameObject:
  m_ObjectHideFlags: 0
  m_CorrespondingSourceObject: {fileID: 0}
  m_PrefabInstance: {fileID: 0}
  m_PrefabAsset: {fileID: 0}
  serializedVersion: 6
  m_Component:
  - component: {fileID: 3619349956341133650}
  - component: {fileID: 8265327432637486172}
  - component: {fileID: 4640516624185235319}
  m_Layer: 11
  m_Name: GreenSelection
  m_TagString: Untagged
  m_Icon: {fileID: 0}
  m_NavMeshLayer: 0
  m_StaticEditorFlags: 0
  m_IsActive: 0
--- !u!4 &3619349956341133650
Transform:
  m_ObjectHideFlags: 0
  m_CorrespondingSourceObject: {fileID: 0}
  m_PrefabInstance: {fileID: 0}
  m_PrefabAsset: {fileID: 0}
  m_GameObject: {fileID: 5352878796193796995}
  m_LocalRotation: {x: -0, y: -0, z: -0, w: 1}
  m_LocalPosition: {x: 0, y: 0.45, z: 0}
  m_LocalScale: {x: 0.7, y: 1, z: 0.7}
  m_Children: []
  m_Father: {fileID: 4661768149451870}
  m_RootOrder: 2
  m_LocalEulerAnglesHint: {x: 0, y: 0, z: 0}
--- !u!33 &8265327432637486172
MeshFilter:
  m_ObjectHideFlags: 0
  m_CorrespondingSourceObject: {fileID: 0}
  m_PrefabInstance: {fileID: 0}
  m_PrefabAsset: {fileID: 0}
  m_GameObject: {fileID: 5352878796193796995}
  m_Mesh: {fileID: 10209, guid: 0000000000000000e000000000000000, type: 0}
--- !u!23 &4640516624185235319
MeshRenderer:
  m_ObjectHideFlags: 0
  m_CorrespondingSourceObject: {fileID: 0}
  m_PrefabInstance: {fileID: 0}
  m_PrefabAsset: {fileID: 0}
  m_GameObject: {fileID: 5352878796193796995}
  m_Enabled: 1
  m_CastShadows: 1
  m_ReceiveShadows: 1
  m_DynamicOccludee: 1
  m_MotionVectors: 1
  m_LightProbeUsage: 1
  m_ReflectionProbeUsage: 1
  m_RayTracingMode: 2
  m_RenderingLayerMask: 1
  m_RendererPriority: 0
  m_Materials:
  - {fileID: 2100000, guid: ba3a4e1134802b64d9a849ee0cec793e, type: 2}
  m_StaticBatchInfo:
    firstSubMesh: 0
    subMeshCount: 0
  m_StaticBatchRoot: {fileID: 0}
  m_ProbeAnchor: {fileID: 0}
  m_LightProbeVolumeOverride: {fileID: 0}
  m_ScaleInLightmap: 1
  m_ReceiveGI: 1
  m_PreserveUVs: 0
  m_IgnoreNormalsForChartDetection: 0
  m_ImportantGI: 0
  m_StitchLightmapSeams: 1
  m_SelectedEditorRenderState: 3
  m_MinimumChartSize: 4
  m_AutoUVMaxDistance: 0.5
  m_AutoUVMaxAngle: 89
  m_LightmapParameters: {fileID: 0}
  m_SortingLayerID: 0
  m_SortingLayer: 0
  m_SortingOrder: 0
--- !u!1001 &1009423980068180102
PrefabInstance:
  m_ObjectHideFlags: 0
  serializedVersion: 2
  m_Modification:
    m_TransformParent: {fileID: 4661768149451870}
    m_Modifications:
    - target: {fileID: 5235023387278684486, guid: 6ae5248e96f4e7948a107b96471af2e2,
        type: 3}
      propertyPath: m_Name
      value: FX_Fire_Small
      objectReference: {fileID: 0}
    - target: {fileID: 5235023387278684486, guid: 6ae5248e96f4e7948a107b96471af2e2,
        type: 3}
      propertyPath: m_IsActive
      value: 0
      objectReference: {fileID: 0}
    - target: {fileID: 5367814958500117704, guid: 6ae5248e96f4e7948a107b96471af2e2,
        type: 3}
      propertyPath: m_LocalPosition.x
      value: 0
      objectReference: {fileID: 0}
    - target: {fileID: 5367814958500117704, guid: 6ae5248e96f4e7948a107b96471af2e2,
        type: 3}
      propertyPath: m_LocalPosition.y
      value: 0
      objectReference: {fileID: 0}
    - target: {fileID: 5367814958500117704, guid: 6ae5248e96f4e7948a107b96471af2e2,
        type: 3}
      propertyPath: m_LocalPosition.z
      value: 0
      objectReference: {fileID: 0}
    - target: {fileID: 5367814958500117704, guid: 6ae5248e96f4e7948a107b96471af2e2,
        type: 3}
      propertyPath: m_LocalRotation.x
      value: -0
      objectReference: {fileID: 0}
    - target: {fileID: 5367814958500117704, guid: 6ae5248e96f4e7948a107b96471af2e2,
        type: 3}
      propertyPath: m_LocalRotation.y
      value: -0
      objectReference: {fileID: 0}
    - target: {fileID: 5367814958500117704, guid: 6ae5248e96f4e7948a107b96471af2e2,
        type: 3}
      propertyPath: m_LocalRotation.z
      value: -0
      objectReference: {fileID: 0}
    - target: {fileID: 5367814958500117704, guid: 6ae5248e96f4e7948a107b96471af2e2,
        type: 3}
      propertyPath: m_LocalRotation.w
      value: 1
      objectReference: {fileID: 0}
    - target: {fileID: 5367814958500117704, guid: 6ae5248e96f4e7948a107b96471af2e2,
        type: 3}
      propertyPath: m_RootOrder
      value: 3
      objectReference: {fileID: 0}
    - target: {fileID: 5367814958500117704, guid: 6ae5248e96f4e7948a107b96471af2e2,
        type: 3}
      propertyPath: m_LocalEulerAnglesHint.x
      value: 0
      objectReference: {fileID: 0}
    - target: {fileID: 5367814958500117704, guid: 6ae5248e96f4e7948a107b96471af2e2,
        type: 3}
      propertyPath: m_LocalEulerAnglesHint.y
      value: 0
      objectReference: {fileID: 0}
    - target: {fileID: 5367814958500117704, guid: 6ae5248e96f4e7948a107b96471af2e2,
        type: 3}
      propertyPath: m_LocalEulerAnglesHint.z
      value: 0
      objectReference: {fileID: 0}
    m_RemovedComponents: []
  m_SourcePrefab: {fileID: 100100000, guid: 6ae5248e96f4e7948a107b96471af2e2, type: 3}
--- !u!1 &5090399955934388672 stripped
GameObject:
  m_CorrespondingSourceObject: {fileID: 5235023387278684486, guid: 6ae5248e96f4e7948a107b96471af2e2,
    type: 3}
  m_PrefabInstance: {fileID: 1009423980068180102}
  m_PrefabAsset: {fileID: 0}
--- !u!4 &4934958385059916878 stripped
Transform:
  m_CorrespondingSourceObject: {fileID: 5367814958500117704, guid: 6ae5248e96f4e7948a107b96471af2e2,
    type: 3}
  m_PrefabInstance: {fileID: 1009423980068180102}
  m_PrefabAsset: {fileID: 0}
--- !u!1001 &5930863828974061759
PrefabInstance:
  m_ObjectHideFlags: 0
  serializedVersion: 2
  m_Modification:
    m_TransformParent: {fileID: 4661768149451870}
    m_Modifications:
    - target: {fileID: 1563343236986748766, guid: 588072a5b8d003045bffc08b9510c7fc,
        type: 3}
      propertyPath: m_Name
      value: FX_Smoke_Small
      objectReference: {fileID: 0}
    - target: {fileID: 1563343236986748766, guid: 588072a5b8d003045bffc08b9510c7fc,
        type: 3}
      propertyPath: m_IsActive
      value: 0
      objectReference: {fileID: 0}
    - target: {fileID: 8692767589187817040, guid: 588072a5b8d003045bffc08b9510c7fc,
        type: 3}
      propertyPath: m_LocalPosition.x
      value: 0
      objectReference: {fileID: 0}
    - target: {fileID: 8692767589187817040, guid: 588072a5b8d003045bffc08b9510c7fc,
        type: 3}
      propertyPath: m_LocalPosition.y
      value: 0
      objectReference: {fileID: 0}
    - target: {fileID: 8692767589187817040, guid: 588072a5b8d003045bffc08b9510c7fc,
        type: 3}
      propertyPath: m_LocalPosition.z
      value: 0
      objectReference: {fileID: 0}
    - target: {fileID: 8692767589187817040, guid: 588072a5b8d003045bffc08b9510c7fc,
        type: 3}
      propertyPath: m_LocalRotation.x
      value: -0.7071068
      objectReference: {fileID: 0}
    - target: {fileID: 8692767589187817040, guid: 588072a5b8d003045bffc08b9510c7fc,
        type: 3}
      propertyPath: m_LocalRotation.y
      value: -0
      objectReference: {fileID: 0}
    - target: {fileID: 8692767589187817040, guid: 588072a5b8d003045bffc08b9510c7fc,
        type: 3}
      propertyPath: m_LocalRotation.z
      value: 0
      objectReference: {fileID: 0}
    - target: {fileID: 8692767589187817040, guid: 588072a5b8d003045bffc08b9510c7fc,
        type: 3}
      propertyPath: m_LocalRotation.w
      value: 0.7071068
      objectReference: {fileID: 0}
    - target: {fileID: 8692767589187817040, guid: 588072a5b8d003045bffc08b9510c7fc,
        type: 3}
      propertyPath: m_RootOrder
      value: 4
      objectReference: {fileID: 0}
    - target: {fileID: 8692767589187817040, guid: 588072a5b8d003045bffc08b9510c7fc,
        type: 3}
      propertyPath: m_LocalEulerAnglesHint.x
      value: -90
      objectReference: {fileID: 0}
    - target: {fileID: 8692767589187817040, guid: 588072a5b8d003045bffc08b9510c7fc,
        type: 3}
      propertyPath: m_LocalEulerAnglesHint.y
      value: 0
      objectReference: {fileID: 0}
    - target: {fileID: 8692767589187817040, guid: 588072a5b8d003045bffc08b9510c7fc,
        type: 3}
      propertyPath: m_LocalEulerAnglesHint.z
      value: 0
      objectReference: {fileID: 0}
    m_RemovedComponents: []
  m_SourcePrefab: {fileID: 100100000, guid: 588072a5b8d003045bffc08b9510c7fc, type: 3}
--- !u!1 &5187220288968652769 stripped
GameObject:
  m_CorrespondingSourceObject: {fileID: 1563343236986748766, guid: 588072a5b8d003045bffc08b9510c7fc,
    type: 3}
  m_PrefabInstance: {fileID: 5930863828974061759}
  m_PrefabAsset: {fileID: 0}
--- !u!4 &3092920893201434351 stripped
Transform:
  m_CorrespondingSourceObject: {fileID: 8692767589187817040, guid: 588072a5b8d003045bffc08b9510c7fc,
    type: 3}
  m_PrefabInstance: {fileID: 5930863828974061759}
  m_PrefabAsset: {fileID: 0}
